<?xml version="1.0" encoding="UTF-8"?>
<record>
  <leader>02352nai a2200493   4500</leader>
  <controlfield tag="005">19990820065448.0</controlfield>
  <controlfield tag="006">smr         0    0</controlfield>
  <controlfield tag="007">cr mn ||||||||</controlfield>
  <controlfield tag="008">990820c19909999ilumr dssb    0   a2eng d</controlfield>
  <controlfield tag="001">991005473739703811</controlfield>
  <datafield tag="035" ind1=" " ind2=" ">
    <subfield code="a">(PPT)b19244915-01tuli_inst</subfield>
  </datafield>
  <datafield tag="035" ind1=" " ind2=" ">
    <subfield code="a">PATG99-D4</subfield>
  </datafield>
  <datafield tag="040" ind1=" " ind2=" ">
    <subfield code="a">NNC</subfield>
    <subfield code="c">NNC</subfield>
    <subfield code="d">CStRLIN</subfield>
    <subfield code="d">PPT</subfield>
  </datafield>
  <datafield tag="043" ind1=" " ind2=" ">
    <subfield code="a">ee-----</subfield>
  </datafield>
  <datafield tag="090" ind1=" " ind2=" ">
    <subfield code="a">Z2483</subfield>
    <subfield code="b">.A654</subfield>
  </datafield>
  <datafield tag="130" ind1="0" ind2=" ">
    <subfield code="a">American bibliography of Slavic and East European Studies (Online)</subfield>
  </datafield>
  <datafield tag="245" ind1="1" ind2="0">
    <subfield code="a">American bibliography of Slavic and East European studies</subfield>
    <subfield code="h">[electronic resource] :</subfield>
    <subfield code="b">ABSEES.</subfield>
  </datafield>
  <datafield tag="246" ind1="1" ind2=" ">
    <subfield code="a">ABSEES</subfield>
  </datafield>
  <datafield tag="246" ind1="1" ind2=" ">
    <subfield code="i">Also known as :</subfield>
    <subfield code="a">ABSEES Online</subfield>
  </datafield>
  <datafield tag="256" ind1=" " ind2=" ">
    <subfield code="a">Electronic data</subfield>
  </datafield>
  <datafield tag="260" ind1=" " ind2=" ">
    <subfield code="a">Urbana, IL :</subfield>
    <subfield code="b">University of Illinois at Urbana-Champaign</subfield>
  </datafield>
  <datafield tag="310" ind1=" " ind2=" ">
    <subfield code="a">Updated monthly</subfield>
  </datafield>
  <datafield tag="362" ind1="0" ind2=" ">
    <subfield code="a">1990- </subfield>
  </datafield>
  <datafield tag="590" ind1=" " ind2=" ">
    <subfield code="a">Access available to the Temple Community through use of a networked computer with a Temple IP address.</subfield>
  </datafield>
  <datafield tag="500" ind1=" " ind2=" ">
    <subfield code="a">Title from database information screen (EBSCOHost, viewed Sept. 9, 2005).</subfield>
  </datafield>
  <datafield tag="538" ind1=" " ind2=" ">
    <subfield code="a">Mode of access: World Wide Web.</subfield>
  </datafield>
  <datafield tag="520" ind1=" " ind2=" ">
    <subfield code="a">Bibliographic citations for journal articles, essays, books, chapters of books, dissertations, and government documents on East-Central Europe and the former Soviet Union published in the United States and Canada.  Some full-text links included.</subfield>
  </datafield>
  <datafield tag="530" ind1=" " ind2=" ">
    <subfield code="a">Also available in print.</subfield>
  </datafield>
  <datafield tag="538" ind1=" " ind2=" ">
    <subfield code="a">Mode of access: World Wide Web.</subfield>
  </datafield>
  <datafield tag="550" ind1=" " ind2=" ">
    <subfield code="a">Produced by the University of Illinois Library for the American Association for the Advancement of Slavic Studies.</subfield>
  </datafield>
  <datafield tag="550" ind1=" " ind2=" ">
    <subfield code="a">Made available online via EBSCOHost.</subfield>
  </datafield>
  <datafield tag="651" ind1=" " ind2="0">
    <subfield code="a">Europe, Eastern</subfield>
    <subfield code="x">Bibliography</subfield>
    <subfield code="v">Databases.</subfield>
  </datafield>
  <datafield tag="651" ind1=" " ind2="0">
    <subfield code="a">Former Soviet republics</subfield>
    <subfield code="x">Bibliography</subfield>
    <subfield code="v">Databases.</subfield>
  </datafield>
  <datafield tag="655" ind1=" " ind2="7">
    <subfield code="a">Online databases.</subfield>
    <subfield code="2">local</subfield>
  </datafield>
  <datafield tag="710" ind1="2" ind2=" ">
    <subfield code="a">American Association for the Advancement of Slavic Studies.</subfield>
  </datafield>
  <datafield tag="710" ind1="2" ind2=" ">
    <subfield code="a">EBSCO Publishing (Firm)</subfield>
  </datafield>
  <datafield tag="776" ind1="0" ind2=" ">
    <subfield code="t">American bibliography of Slavic and East European studies</subfield>
    <subfield code="x">0094-3770</subfield>
    <subfield code="w">(DLC)   72010922</subfield>
  </datafield>
  <datafield tag="856" ind1="4" ind2="0">
    <subfield code="z">Access electronic resouce via the Internet</subfield>
    <subfield code="u">http://libproxy.temple.edu/login?url=http://search.ebscohost.com/login.aspx?authtype=ip,uid&amp;profile=ehost&amp;defaultdb=sbh</subfield>
  </datafield>
  <datafield tag="907" ind1=" " ind2=" ">
    <subfield code="a">.b19244915</subfield>
    <subfield code="b">w    </subfield>
    <subfield code="c">-</subfield>
  </datafield>
  <datafield tag="902" ind1=" " ind2=" ">
    <subfield code="a">170523</subfield>
  </datafield>
  <datafield tag="998" ind1=" " ind2=" ">
    <subfield code="b">1</subfield>
    <subfield code="c">990823</subfield>
    <subfield code="d">s</subfield>
    <subfield code="e">m</subfield>
    <subfield code="f">-</subfield>
    <subfield code="g">4</subfield>
  </datafield>
  <datafield tag="901" ind1=" " ind2="1">
    <subfield code="l">w</subfield>
    <subfield code="a">Z2483</subfield>
    <subfield code="b">.A654</subfield>
    <subfield code="s">e</subfield>
    <subfield code="t">23</subfield>
    <subfield code="z">090</subfield>
  </datafield>
  <datafield tag="950" ind1=" " ind2=" ">
    <subfield code="l">P</subfield>
  </datafield>
  <datafield tag="902" ind1=" " ind2=" ">
    <subfield code="a">e-resource trial</subfield>
  </datafield>
  <datafield tag="998" ind1=" " ind2=" ">
    <subfield code="a">08/20/99</subfield>
    <subfield code="t">c</subfield>
    <subfield code="s">9115</subfield>
    <subfield code="l">PATG</subfield>
    <subfield code="n">PPT</subfield>
    <subfield code="w">NYCGALD2237D</subfield>
    <subfield code="d">08/20/99</subfield>
    <subfield code="c">MAR</subfield>
    <subfield code="b">YL</subfield>
  </datafield>
</record>
